@book{alejandro2000metodos,
  title={M{\'e}todos de mallado y Algoritmos adaptativos en dos y tres dimensiones para la resoluci{\'o}n de problemas electromagn{\'e}ticos cerrados mediante el m{\'e}todo de los elementos finitos},
  author={Alejandro Díaz M.},
  year={2000},
  publisher={Escuela T{\'e}cnica Superior de Ingenieros de Telecomunicaci{\'o}n}
}
@book{juan2013optimizacion,
  title = {Optimizaci{\'o}n de la calidad de Mallas de Tetraedros},
  author = {Juan P. D’Amato, Marcelo Vénere y Ricardo Rossi},    year={2013},
  publisher={National University of the Center of the Buenos Aires Province}
}
@book{Byron2014optimzacion,
  title={Optimizaci{\'o}n basada en Mallas Variables: Caso de estudio Viajante de Comercio},
  author={Byron Oviedo B., Jorge Guanín F., Eduardo Díaz O. y AmilkarPuris C.},
  year={2014},
  publisher={Latin American and Caribbean Conference for Engineering and Technology}
}
@article{bugeda1990utilizacion,
  title={Utilizaci{\'o}n de t{\'e}cnicas de estimaci{\'o}n de error y generaci{\'o}n autom{\'a}tica de mallas en procesos de optimizaci{\'o}n estructural},
  author={Bugeda, Gabriel},
  year={1990},
  publisher={Universitat Polit{\`e}cnica de Catalunya}
}
@article{martinez1991optimizacion,
  title={Optimizaci{\'o}n de mallas bidimensionales en elementos finitos},
  author={Martinez, Ruben},
  journal={Revista de obras P{\'u}blicas},
  year={1991}
}
@article{perazzo2006avances,
  title={Avances en el m{\'e}todo de puntos finitos para la mec{\'a}nica de s{\'o}lidos},
  author={Perazzo, Franco and Oller, Sergio and Miquel, Juan and Onate, Eugenio},
  journal={Revista internacional de m{\'e}todos num{\'e}ricos para c{\'a}lculo y dise{\~n}o en ingenier{\'\i}a},
  volume={22},
  number={2},
  pages={153},
  year={2006},
  publisher={UNIVERSITAT POLITECNICA DE CATALUNYA (ESPA{\'{}}┐{{\textcent}} A)}
}